
@article{ Elmegreen2004,
Author = {Elmegreen, BG and Scalo, J},
Title = {{Interstellar turbulence I: Observations and processes}},
Journal = {{ANNUAL REVIEW OF ASTRONOMY AND ASTROPHYSICS}},
Year = {{2004}},
Volume = {{42}},
Pages = {{211-273}},
DOI = {{10.1146/annurev.astro.41.011802.094859}},
ISSN = {{0066-4146}},
Times-Cited = {{365}},
Unique-ID = {{ISI:000224415300006}},
}

@article{ Scalo2004,
Author = {Scalo, J and Elmegreen, BG},
Title = {{Interstellar turbulence II: Implications and effects}},
Journal = {{ANNUAL REVIEW OF ASTRONOMY AND ASTROPHYSICS}},
Year = {{2004}},
Volume = {{42}},
Pages = {{275-316}},
DOI = {{10.1146/annurev.astro.42.120403.143327}},
ISSN = {{0066-4146}},
Times-Cited = {{139}},
Unique-ID = {{ISI:000224415300007}},
}
